% This file was created with JabRef 2.5.
% Encoding: Cp1252

@ARTICLE{PatersonStockmeyer1973,
    author = {Paterson, S. and Stockmeyer, L.},
    title = {On the number of nonscalar multiplications necessary to evaluate polynomials},
    journal = {{SIAM} J.~Comput.},
    volume = {2},
    number = {1},
    year = {1973},
    pages = {7}
}

@ARTICLE{Magma,
    AUTHOR = {Bosma, Wieb and Cannon, John and Playoust, Catherine},
     TITLE = {The {M}agma algebra system. {I}.~{T}he user language},
      NOTE = {Computational algebra and number theory (London, 1993)},
   JOURNAL = {J. Symbolic Comput.},
  FJOURNAL = {Journal of Symbolic Computation},
    VOLUME = {24},
      YEAR = {1997},
    NUMBER = {3-4},
     PAGES = {235--265},
      ISSN = {0747-7171},
       DOI = {10.1006/jsco.1996.0125},
       URL = {http://dx.doi.org/10.1006/jsco.1996.0125},
}

@ARTICLE{SchoenhageStrassen1971,
    AUTHOR = {Sch{\"o}nhage, A. and Strassen, V.},
     TITLE = {Schnelle {M}ultiplikation gro\ss er {Z}ahlen},
   JOURNAL = {Computing (Arch. Elektron. Rechnen)},
    VOLUME = {7},
      YEAR = {1971},
     PAGES = {281--292}
}

@ARTICLE{Strassen1969,
    AUTHOR = {Strassen, Volker},
     TITLE = {Gaussian elimination is not optimal},
   JOURNAL = {Numer. Math.},
  FJOURNAL = {Numerische Mathematik},
    VOLUME = {13},
      YEAR = {1969},
     PAGES = {354--356},
      ISSN = {0029-599X}
}
        
@ARTICLE{CoppersmithWinograd1990,
    author = {Coppersmith, D. and Winograd, S.},
    title = {Matrix multiplication via arithmetic progressions},
    journal = {J.\ {S}ymb.\ {C.}omput.},
    volume = {9},
    number = {3},
    pages = {251--280},
    year = {1990}
}

@ARTICLE{BrentKung1978,
    author = {Brent, Richard P. and Kung, H.T.},
    title = {Fast algorithms for manipulating formal power series},
    journal = {J.~{ACM}},
    volume = {25},
    number = {4},
    year = {1978},
    pages = {581--595}
}

@INPROCEEDINGS{Brent1976,
  author    = {Brent, Richard P.},
  title     = {The Complexity of Multiple-Precision Arithmetic},
  booktitle = {The Complexity of Computational Problem Solving},
  publisher = {University of Queensland Press},
  year      = {1976},
  editor    = {Anderssen, R.S. and Brent, R.P.},
  pages     = {126--165}
}

@MISC{ThullYap1990,
    author = {Klaus Thull and Chee K. Yap},
    title = {A Unified Approach to {HGCD} Algorithms for Polynomials and Integers},
    year = {1990}
}

@BOOK{HEHCC2005,
    title={Handbook of elliptic and hyperelliptic curve cryptography},
    booktitle={Handbook of elliptic and hyperelliptic curve cryptography},
    editor={Henri Cohen and Gerhard Frey},
    isbn={1--58488--518--1},
    publisher={CRC Press},
    year={2005}
}

@INPROCEEDINGS{Kaltofen1992,
  author    = {Kaltofen, E.},
  title     = {On computing determinants of matrices without divisions},
  booktitle = {Proc.~{ISSAC~\'1992}},
  editor    = {Wang, P.S.},
  publisher = {ACM Press},
  year      = {1992},
  pages     = {342--349}
}

@ARTICLE{Seifullin2002,
    AUTHOR = {Se{\u\i}fullin, T. R.},
     TITLE = {Computation of the determinant, adjoint matrix, and
              characteristic polynomial without division},
   JOURNAL = {Cybernet. Systems Anal.},
      YEAR = {2002},
    NUMBER = {5},
    VOLUME = {38},
     PAGES = {650--672},
      ISSN = {0023-1274},
       DOI = {10.1023/A:1021878507303},
       URL = {http://dx.doi.org/10.1023/A:1021878507303}
}

@ARTICLE{KarpMarkstein1997,
    AUTHOR = {Karp, Alan H. and Markstein, Peter},
     TITLE = {High-precision division and square root},
   JOURNAL = {ACM Trans. Math. Software},
  FJOURNAL = {Association for Computing Machinery. Transactions on
              Mathematical Software},
    VOLUME = {23},
      YEAR = {1997},
    NUMBER = {4},
     PAGES = {561--589},
      ISSN = {0098-3500},
       DOI = {10.1145/279232.279237},
       URL = {http://dx.doi.org/10.1145/279232.279237}
}

@INCOLLECTION{Bernstein2008,
    AUTHOR = {Bernstein, Daniel J.},
     TITLE = {Fast multiplication and its applications},
 BOOKTITLE = {Algorithmic number theory: lattices, number fields, curves and
              cryptography},
    SERIES = {Math. Sci. Res. Inst. Publ.},
    VOLUME = {44},
     PAGES = {325--384},
 PUBLISHER = {Cambridge Univ. Press},
   ADDRESS = {Cambridge},
      YEAR = {2008}
}

@INPROCEEDINGS{AbbottKedlayaRoe2006,
  author = {Abott, T.G. and Kedlaya, K.S. and Roe, D.},
  title = {Bounding {Picard} numbers of surfaces using $p$-adic cohomology},
  booktitle = {Arithmetic, Geometry, and Coding Theory {(AGCT-10)}},
  year = {2006},
  url = {arXiv:math.NT/0601508}
}

@ARTICLE{AGP94,
  author = {Alford, W.R. and Granville, A. and Pomerance, C.},
  title = {There are infinitely many {C}armichael numbers},
  journal = {Ann. of Math. (2)},
  year = {1994},
  volume = {139},
  pages = {703--722},
  number = {3},
  fjournal = {Annals of Mathematics. Second Series},
  issn = {0003-486X}
}

@BOOK{Bac96,
  title = {Algorithmic Number Theory, Vol. 1: Efficient Algorithms ({F}oundations
	of {C}omputing)},
  publisher = {{MIT Press}},
  year = {1996},
  author = {Bach, E. and Shallit, J.}
}

@INPROCEEDINGS{BalChi94,
  author = {Baldassarri, F. and Chiarellotto, B.},
  title = {Algebraic versus rigid cohomology with logarithmic coefficients},
  booktitle = {{B}arsotti Symposium in Algebraic Geometry, Perspectives in Mathematics},
  year = {1995},
  volume = {15},
  pages = {11--50}
}

@BOOK{Bol01,
  title = {Random Graphs},
  publisher = {Cambridge Univ. Press},
  year = {2001},
  author = {Bollob\'as, B.},
  volume = {73},
  series = {Cambridge Studies in Advanced Mathematics},
  address = {Cambridge},
  edition = {Second},
  isbn = {0-521-80920-7; 0-521-79722-5}
}

@BOOK{Bol98,
  title = {Modern Graph Theory},
  publisher = {Springer-Verlag},
  year = {1998},
  author = {Bollob\'as, B.},
  volume = {184},
  series = {Graduate Texts in Mathematics},
  address = {New York},
  isbn = {0-387-98488-7}
}

@BOOK{Bon78,
  title = {Graph Theory with Applications},
  publisher = {MacMillan \& Co LTD},
  year = {1978},
  author = {Bondy, J. A. and Murty, U. S. R.}
}

@INCOLLECTION{Bur75,
  author = {Burr, S. A. and Erd\H{o}s, P.},
  title = {On the magnitude of generalized {Ramsey} numbers for graphs},
  booktitle = {Infinite and finite sets (Colloq., Keszthely, 1973; dedicated to
	P. Erd\H os on his 60th birthday), Vol. 1},
  publisher = {North-Holland},
  year = {1975},
  volume = {1},
  number = {10},
  series = {Colloq. Math. Soc. J\'anos Bolyai},
  pages = {214--240},
  address = {Amsterdam}
}

@ARTICLE{Chu89,
  author = {Chung, F. R. K. and Graham, R. L. and Wilson, R. M.},
  title = {Quasi-random graphs},
  journal = {Combinatorica},
  year = {1989},
  volume = {9},
  pages = {345--362},
  number = {4},
  fjournal = {Combinatorica. An International Journal on Combinatorics and the Theory
	of Computing},
  issn = {0209-9683}
}

@ARTICLE{Chv83,
  author = {Chvat\'al, C. and R\"odl, V. and Szemer\'edi, E. and Trotter, Jr.,
	W. T.},
  title = {The {Ramsey} Number of a Graph with Bounded Maximum Degree},
  journal = {J. Combin. Theory Ser. B},
  year = {1983},
  volume = {34},
  pages = {239--243},
  number = {3},
  fjournal = {Journal of Combinatorial Theory. Series B},
  issn = {0095-8956}
}

@ARTICLE{Clark66,
  author = {Clark, D.N.},
  title = {A note on the $p$-adic convergence of solutions of linear differential
	equations},
  journal = {Proc.\ Amer.\ Math.\ Soc.},
  year = {1966},
  volume = {17},
  pages = {262-269}
}

@BOOK{Coh93,
  title = {A Course in Computational Algebraic Number Theory},
  publisher = {Springer},
  year = {1993},
  author = {Cohen, H.}
}

@UNPUBLISHED{Con08,
  author = {Conlon, D. and Fox, J. and Sudakov, B.},
  title = {{Ramsey} numbers of sparse hypergraphs},
  note = {Submitted, {\url{http://www.dpmms.cam.ac.uk/~dc340/}}}
}

@ARTICLE{Coo08,
  author = {Cooley, O. and Fountoulakis, N. and K\"uhn, D. and Osthus, D.},
  title = {{3-Uniform} Hypergraphs of Bounded Degree have Linear {Ramsey} Numbers},
  journal = {J. Combin. Theory Ser. B},
  year = {2008},
  volume = {98},
  pages = {484--505},
  fjournal = {Journal of Combinatorial Theory. Series B}
}

@BOOK{Cor90,
  title = {Introduction to Algorithms},
  publisher = {{MIT Press}},
  year = {1990},
  author = {Cormen, T. H. and Leiserson, C. H. and Rivest, R. L.},
  address = {Cambridge, Massachusetts}
}

@BOOK{Dav99,
  title = {The Higher Arithmetic: An Introduction to the Theory of Numbers},
  publisher = {Cambridge Univ. Press},
  year = {1999},
  author = {Davenport, H.}
}

@BOOK{Die05,
  title = {Graph theory},
  publisher = {Springer-Verlag},
  year = {2005},
  author = {Diestel, R.},
  volume = {173},
  series = {Graduate Texts in Mathematics},
  address = {Berlin},
  edition = {Third},
  isbn = {978-3-540-26182-7; 3-540-26182-6; 978-3-540-26183-4}
}

@ARTICLE{Duf81a,
  author = {Duff, I.S.},
  title = {On Algorithms for Obtaining a Maximum Transversal},
  journal = {ACM Trans. Math. Softw.},
  year = {1981},
  volume = {7},
  pages = {315--330},
  number = {3},
  address = {New York, NY, USA},
  doi = {http://doi.acm.org/10.1145/355958.355963},
  issn = {0098-3500},
  publisher = {ACM}
}

@ARTICLE{Duf81b,
  author = {Duff, I.S.},
  title = {Algorithm 575: Permutations for a Zero-Free Diagonal},
  journal = {ACM Trans. Math. Softw.},
  year = {1981},
  volume = {7},
  pages = {387--390},
  number = {3},
  address = {New York, NY, USA},
  doi = {http://doi.acm.org/10.1145/355958.355968},
  issn = {0098-3500},
  publisher = {ACM}
}

@ARTICLE{Duf78a,
  author = {Duff, I.S. and Reid, J.K.},
  title = {An Implementation of {Tarjan's} Algorithm for the Block Triangularization
	of a Matrix},
  journal = {ACM Trans. Math. Softw.},
  year = {1978},
  volume = {4},
  pages = {137--147},
  number = {2},
  address = {New York, NY, USA},
  doi = {http://doi.acm.org/10.1145/355780.355785},
  issn = {0098-3500},
  publisher = {ACM}
}

@ARTICLE{Duf78b,
  author = {Duff, I.S. and Reid, J.K.},
  title = {Algorithm 529: Permutations To Block Triangular Form [{F1}]},
  journal = {ACM Trans. Math. Softw.},
  year = {1978},
  volume = {4},
  pages = {189--192},
  number = {2},
  address = {New York, NY, USA},
  doi = {http://doi.acm.org/10.1145/355780.355790},
  issn = {0098-3500},
  publisher = {ACM}
}

@ARTICLE{Dwork64,
  author = {Dwork, B.},
  title = {On the zeta function of a hypersurface~{II}},
  journal = {The {A}nnals of {M}athematics, {S}econd {S}eries},
  year = {1964},
  volume = {80},
  pages = {227--299},
  number = {2}
}

@ARTICLE{Dwork62,
  author = {Dwork, B.},
  title = {On the zeta function of a hypersurface~{I}},
  journal = {Publication Math\'ematiques de l'IH\'ES},
  year = {1962},
  volume = {12},
  pages = {5--68}
}

@INPROCEEDINGS{Dwork62b,
  author = {Dwork, B.},
  title = {A deformation theory for the zeta function of a hypersurface},
  booktitle = {Proceedings of the {I}nternational {C}ongress of {M}athematicians,
	Stockholm},
  year = {1962},
  pages = {247--259}
}

@ARTICLE{Edm65,
  author = {Edmonds, J.},
  title = {Paths, Trees and Flowers},
  journal = {Canadian Journal of Mathematics},
  year = {1965},
  volume = {17},
  pages = {449--467}
}

@MANUAL{FLINT,
  author = {William Hart and Sebastian Pancratz and Andy Novocin and 
            Fredrik Johansson and David Harvey},
  title = {{FLINT: Fast Library for Number Theory -- Version 2.2}},
  year = {2011},
  month = {June},
  note = {\url{http://www.libflint.org}}
}

@ARTICLE{Fra02,
  author = {Frankl, P. and R\"odl, V.},
  title = {Extremal problems on set systems},
  journal = {Random Structures Algorithms},
  year = {2002},
  volume = {20},
  pages = {131--164},
  number = {2},
  fjournal = {Random Structures \& Algorithms},
  issn = {1042-9832}
}

@ARTICLE{Fra92,
  author = {Frankl, P. and R\"odl, V.},
  title = {The uniformity lemma for hypergraphs},
  journal = {Graphs Combin.},
  year = {1992},
  volume = {8},
  pages = {309--312},
  number = {4},
  fjournal = {Graphs and Combinatorics},
  issn = {0911-0119}
}

@BOOK{GathenGerhard2003,
  title = {Modern computer algebra (2. ed.)},
  publisher = {Cambridge Univ. Press},
  year = {2003},
  author = {Joachim von zur Gathen and J{\"u}rgen Gerhard},
  pages = {I-XIII, 1-785},
  bibsource = {DBLP, http://dblp.uni-trier.de},
  isbn = {978-0-521-82646-4}
}

@ARTICLE{Gerkmann2007,
    AUTHOR = {Gerkmann, Ralf},
     TITLE = {Relative rigid cohomology and deformation of hypersurfaces},
   JOURNAL = {Int. Math. Res. Pap. IMRP},
  FJOURNAL = {International Mathematics Research Papers. IMRP},
      YEAR = {2007},
    NUMBER = {1},
     PAGES = {67},
      ISSN = {1687-3017}
}

@BOOK{Gib85,
  title = {Algorithmic Graph Theory},
  publisher = {Cambridge Univ. Press},
  year = {1985},
  author = {Gibbons, A.}
}

@ARTICLE{Gow07,
  author = {Gowers, W. T.},
  title = {Hypergraph Regularity and the Multidimensional Szemer\'edi Theorem},
  journal = {Ann. of Math. (2)},
  year = {2007},
  volume = {166},
  pages = {897-946},
  number = {3},
  fjournal = {Annals of Mathematics. Second Series},
  issn = {0003-486X}
}

@ARTICLE{Gow06,
  author = {Gowers, W. T.},
  title = {Quasirandomness, counting and regularity for 3-uniform hypergraphs},
  journal = {Combin. Probab. Comput.},
  year = {2006},
  volume = {15},
  pages = {143--184},
  fjournal = {Combinatorics, Probability and Computing},
  issn = {0963-5483}
}

@ARTICLE{Gow97,
  author = {Gowers, W. T.},
  title = {Lower Bounds of Tower Type for {Szemer\'edi's} Uniformity Lemma},
  journal = {Geom. Funct. Anal.},
  year = {1997},
  volume = {7},
  pages = {322--337},
  number = {2},
  address = {Basel},
  fjournal = {Geometric and Functional Analysis},
  issn = {1016-443X},
  publisher = {Birkh\"auser}
}

@ARTICLE{Griffiths1969,
  author   = {Griffiths, Phillip A.},
  title    = {On the Periods of Certain Rational Integrals. {I}, (resp.~{II})},
  journal  = {Ann. of Math. (2)},
  fjournal = {Annals of Mathematics. Second Series},
  volume   = {90},
  year     = {1969},
  pages    = {460--495 (resp.\ 496--541)},
  number   = {3},
  month    = {November}
}

@BOOK{GriffithsHarris1978,
  title = {Principles of Algebraic Geometry},
  publisher = {John Wiley \& Sons},
  year = {1978},
  author = {Griffiths, P. and Harris, J.}
}

@BOOK{Har77,
  title = {Algebraic Geometry},
  publisher = {Springer},
  year = {1977},
  author = {Hartshorne, R.},
  volume = {52},
  series = {Graduate Texts in Mathematics}
}

@ARTICLE{Henrici1956,
  author = {Henrici, P.},
  title = {A Subroutine for Computations with Rational Numbers},
  journal = {J. ACM},
  year = {1956},
  volume = {3},
  pages = {6--9},
  number = {1},
  url = {http://doi.acm.org/10.1145/320815.320818}
}

@INCOLLECTION{Illusie1996,
  author = {Illusie, L.},
  title = {{Frobenius} and {Hodge} Degeneration},
  booktitle = {Introduction to {Hodge} Theory},
  publisher = {American Mathematical Society, Soci\'et\'e Math\'ematique de France},
  year = {1996},
  volume = {8},
  number = {3},
  series = {SMF/AMS Texts and Monographs},
  pages = {96--145}
}

@ARTICLE{KatzOda1968,
  author = {Katz, N.M. and Oda, T.},
  title = {On the differentiation of de {Rham} cohomology classes with respect
	to parameters},
  journal = {J. Math. Kyoto Univ.},
  year = {1968},
  volume = {8},
  pages = {199--213},
  number = {2}
}

@INPROCEEDINGS{Kedlaya2008,
  author = {Kedlaya, K.S.},
  title = {$p$-adic cohomology: from theory to practice},
  booktitle = {$p$-adic Geometry: Lectures from the 2007 {Arizona} {Winter} {School}},
  year = {2008},
  editor = {Savitt, D. and Thakur, D.S.},
  volume = {45},
  series = {University Lecture Series},
  pages = {175--201},
  publisher = {American Mathematical Society},
  url = {http://swc.math.arizona.edu/aws/07/KedlayaNotes11Mar.pdf}
}

@INCOLLECTION{Kedlaya2008b,
    author = {Kedlaya, K.S.},
    title  = {Search techniques for root-unitary polynomials},
    year   = {2008},
    booktitle = {Computational Arithmetic Geometry},
    series = {Contemporary Math.},
    volume = {463},
    publisher = {Amer.\ Math.\ Soc.},
    pages = {71--82}
}

@INPROCEEDINGS{Kedlaya2011,
  author = {Kedlaya, K.S.},
  title = {Effective $p$-adic cohomology for cyclic cubic threefolds},
  booktitle = {Computational Algebraic and Analytic Geometry of Low-dimensional
	Varities},
  year = {2011},
  publisher = {American Mathematical Society}
}

@BOOK{Kedlaya2010,
  title = {$p$-adic Differential Equations},
  publisher = {Cambridge Univ. Press},
  year = {2010},
  author = {Kedlaya, K.S.}
}

@ARTICLE{KedlayaTuitman2012,
  author  = {Kedlaya, K.S. and Tuitman, J.},
  title   = {Effective bounds for {F}robenius structures},
  journal = {Rendiconti del Seminario Matematico della Universit\'a di Padova},
  year    = {2012},
  pages   = {9}
}

@BOOK{Knu81,
  title = {The Art of Computer Programming, Vol. 2: Seminumerical Algorithms},
  publisher = {Addison--Wesley},
  year = {1981},
  author = {Knuth, D.E.}
}

@INPROCEEDINGS{Kom96,
  author = {Koml\'os, J. and Simonovits, M.},
  title = {Szemer\'edi's Regularity Lemma and Its Applications in Graph Theory},
  booktitle = {Paul Erd\H{o}s is Eighty},
  year = {1996},
  editor = {Mikl\'os, D. and S\'os, V. T. and Sz\H{o}nyi, T.},
  volume = {2},
  pages = {295--352},
  publisher = {Janos Bolyai Mathematical Society (1993, 1996)}
}

@ARTICLE{Lau04a,
  author = {Lauder, A.G.B.},
  title = {Counting Solutions to Equations in Many Variables over Finite Fields},
  journal = {Foundations of Computational Mathematics},
  year = {2004},
  volume = {4},
  pages = {221--267},
  number = {3},
  bibsource = {DBLP, http://dblp.uni-trier.de},
  ee = {http://dx.doi.org/10.1007/s10208-003-0093-y}
}

@ARTICLE{Lau04,
  author = {Lauder, A. G. B.},
  title = {Deformation theory and the computation of zeta functions},
  journal = {Proc. London Math. Soc},
  year = {2004},
  volume = {3},
  pages = {565--602}
}

@ARTICLE{Lauder2006,
  author = {Lauder, A. G. B.},
  title = {A recursive method for computing zeta functions of varieties},
  journal = {LMS J. Comp. Math.},
  year = {2006},
  volume = {9},
  pages = {222--269}
}

@ARTICLE{Lauder2011,
  author = {Lauder, A. G. B.},
  title = {{D}egenerations and limit {F}robenius structures in rigid cohomology},
  journal = {LSM J. Comp. Math.},
  year = {2011},
  volume = {14},
  pages = {1--33}
}

@BOOK{Liu2002,
  title = {Algebraic Geometry and Arithmetic Curves},
  publisher = {Oxford University Press},
  year = {2002},
  author = {Liu, Q.},
  volume = {6},
  series = {Oxford Graduate Texts in Mathematics},
  address = {Oxford},
  isbn = {0198502842}
}

@BOOK{Macaulay1994,
  title = {The Algebraic Theory of Modular Systems},
  publisher = {Cambridge Univ. Press},
  year = {1994},
  author = {Macaulay, F.S.},
  series = {Cambridge Mathematical Library}
}

@ARTICLE{Mal03,
  author = {Malo, E.},
  title = {Nombres qui, sans \^etre premiers, v\'erifient exceptionellement
	une congruence de {F}ermat},
  journal = {L'Interm\'ediaire Math.},
  year = {1903},
  volume = {10},
  pages = {88}
}

@BOOK{Mat70,
  title = {Commutative Algebra},
  publisher = {W. A. Benjamin},
  year = {1970},
  author = {Matsumara, H.},
  address = {New York}
}

@INPROCEEDINGS{Mil75,
  author = {Miller, G.L.},
  title = {Riemann's Hypothesis and tests for primality},
  booktitle = {STOC '75: Proceedings of seventh annual ACM symposium on Theory of
	computing},
  year = {1975},
  pages = {234--239},
  address = {New York, NY, USA},
  publisher = {ACM},
  location = {Albuquerque, New Mexico, United States}
}

@ARTICLE{Nag06,
  author = {Nagle, B. and R\"odl, V. and Schacht, M.},
  title = {The counting lemma for regular {$k$}-uniform hypergraphs},
  journal = {Random Structures Algorithms},
  year = {2006},
  volume = {28},
  pages = {113--179},
  number = {2},
  fjournal = {Random Structures \& Algorithms},
  issn = {1042-9832}
}

@ARTICLE{Pad02,
  author = {Padro, C. and Saez, G.},
  title = {Taking Cube Roots in {$\Z_m$}},
  journal = {Applied Mathematics Letters},
  year = {2002},
  volume = {15},
  pages = {703--708},
  number = {6}
}

@BOOK{Pal85,
  title = {Graphical Evolution},
  publisher = {John Wiley \& Sons},
  year = {1985},
  author = {Palmer, E. M.},
  series = {Wiley Interscience Series in Discrete Mathematics}
}

@UNPUBLISHED{Pancratz2009,
  author = {Pancratz, S.},
  title = {Computing {Gauss}--{Manin} Connections for Families of Projective
	Hypersurfaces},
  note = {Transfer Thesis, University of Oxford, 2009}
}

@BOOK{Per54,
  title = {{Die Lehre von den Kettenbr{\"u}chen. Bd. 1. Elementare Kettenbr{\"u}che}},
  publisher = {Teubner},
  year = {1954},
  author = {Perron, O.}
}

@ARTICLE{Roe07a,
  author = {R\"odl, V. and Schacht, M.},
  title = {Regular partitions of hypergraphs: regularity lemmas},
  journal = {Combin. Probab. Comput.},
  year = {2007},
  volume = {16},
  pages = {833--885},
  number = {6},
  fjournal = {Combinatorics, Probability and Computing},
  issn = {0963-5483}
}

@ARTICLE{Roe07b,
  author = {R\"odl, V. and Schacht, M.},
  title = {Regular partitions of hypergraphs: counting lemmas},
  journal = {Combin. Probab. Comput.},
  year = {2007},
  volume = {16},
  pages = {887--901},
  number = {6},
  fjournal = {Combinatorics, Probability and Computing},
  issn = {0963-5483}
}

@ARTICLE{Roe06,
  author = {R\"odl, V. and Skokan, J.},
  title = {Applications of the regularity lemma for uniform hypergraphs},
  journal = {Random Structures Algorithms},
  year = {2006},
  volume = {28},
  pages = {180--194},
  number = {2},
  fjournal = {Random Structures \& Algorithms},
  issn = {1042-9832}
}

@ARTICLE{Roe04,
  author = {R\"odl, V. and Skokan, J.},
  title = {Regularity lemma for {$k$}-uniform hypergraphs},
  journal = {Random Structures Algorithms},
  year = {2004},
  volume = {25},
  pages = {1--42},
  number = {1},
  fjournal = {Random Structures \& Algorithms},
  issn = {1042-9832}
}

@INPROCEEDINGS{Rei76,
  author = {Reid, J.K.},
  title = {Solution of Linear Systems of Equations: Direct Methods},
  booktitle = {Sparse Matrix Techniques},
  year = {1976},
  editor = {Barker, V.A.},
  volume = {572},
  address = {Copenhagen},
  publisher = {Springer-Verlag}
}

@ARTICLE{Rot64a,
  author = {Rotkiewicz, A.},
  title = {Sur les formules donnant des nombres pseudopremiers},
  journal = {Colloq. Math.},
  year = {1964},
  volume = {12},
  pages = {69--72}
}

@INCOLLECTION{Ruz78,
  author = {Ruzsa, I.Z. and Szemer\'edi, E.},
  title = {Triple systems with no six points carrying three triangles},
  booktitle = {Combinatorics (Proc. Fifth Hungarian Colloq., Keszthely, 1976), Vol.
	II},
  publisher = {North-Holland},
  year = {1978},
  volume = {2},
  number = {18},
  series = {Colloq. Math. Soc. J\'anos Bolyai},
  pages = {939--945},
  address = {Amsterdam}
}

@BOOK{Sed03,
  title = {Graph Algorithms, Third Edition (Algorithms in Java, Part 5)},
  publisher = {Addison-Wesley Professional},
  year = {2003},
  author = {Sedgewick, R. and Schidlowsky, M.}
}

@ARTICLE{Sha93,
  author = {Shallit, J. and Sorenson, J.},
  title = {A Binary Algorithm for the {Jacobi} Symbol},
  journal = {SIGSAM Bulletin (ACM Special Interest Group on Symbolic and Algebraic
	Manipulation)},
  year = {1993},
  volume = {27},
  pages = {4--11},
  number = {1}
}

@ARTICLE{Sie47,
  author = {Sierpi\'nski, W.},
  title = {Remarque sur une hypoth\`ese des {C}hinois convernant les nombres
	$(2^n - 2)/n$},
  journal = {Colloq. Math.},
  year = {1947},
  volume = {1},
  pages = {9}
}

@ARTICLE{SS77,
  author = {Solovay, R. and Strassen, V.},
  title = {A fast {M}onte-{C}arlo test for primality},
  journal = {SIAM J. Comput.},
  year = {1977},
  volume = {6},
  pages = {84--85},
  number = {1},
  fjournal = {SIAM Journal on Computing},
  issn = {0097-5397}
}

@INCOLLECTION{Sol03,
  author = {Solymosi, J.},
  title = {Note on a generalization of {Roth's} theorem},
  booktitle = {Discrete and Computational Geometry},
  publisher = {Springer},
  year = {2003},
  editor = {Aronov, B. and Basu, S. and Pach, J. and Sharir, M.},
  volume = {25},
  series = {Algorithms and Combinatorics},
  pages = {825--827}
}

@INCOLLECTION{Sze78,
  author = {Szemer\'edi, E.},
  title = {Regular partitions of graphs},
  booktitle = {Probl\`emes combinatoires et th\'eorie des graphes (Colloq. Internat.
	CNRS, Univ. Orsay, Orsay, 1976)},
  publisher = {CNRS},
  year = {1978},
  editor = {J.-C. Bermond and J.-C.Fournier and M.Las Vergnas and D.Sotteau},
  volume = {260},
  series = {Colloq. Internat. CNRS},
  pages = {399--401},
  address = {Paris}
}

@ARTICLE{Sze75a,
  author = {Szemer\'edi, E.},
  title = {On sets of integers containing no {$k$} elements in arithmetic progression},
  journal = {Acta Arith.},
  year = {1975},
  volume = {27},
  pages = {199--245},
  note = {Collection of articles in memory of Juri\u\i\ Vladimirovi\v c Linnik},
  fjournal = {Polska Akademia Nauk. Instytut Matematyczny. Acta Arithmetica},
  issn = {0065-1036}
}

@TECHREPORT{Sze75b,
  author = {E. Szemer\'edi},
  title = {Regular partitions of graphs},
  institution = {Stanford University},
  year = {1975},
  type = {Research report},
  number = {STAN-CS-75-489},
  month = {April}
}

@ARTICLE{Tao06,
  author = {Tao, T.},
  title = {A variant of the hypergraph removal lemma},
  journal = {J. Combin. Theory Ser. A},
  year = {2006},
  volume = {113},
  pages = {1257--1280},
  number = {7},
  fjournal = {Journal of Combinatorial Theory. Series A},
  issn = {0097-3165}
}

@INCOLLECTION{Tho87,
  author = {Thomason, A.},
  title = {Pseudo-random graphs},
  booktitle = {Random graphs '85 (Pozna\'n, 1985)},
  publisher = {North-Holland},
  year = {1987},
  volume = {144},
  series = {North-Holland Math. Stud.},
  pages = {307--331},
  address = {Amsterdam}
}

@PHDTHESIS{Tuitman2011,
  author = {Tuitman, J.},
  title = {Counting points in families of nondegenerate curves},
  school = {{K}atholieke {U}niversiteit {L}euven},
  year = {2011}
}

@PHDTHESIS{Walker2009,
  author = {Walker, G.},
  title = {Computing zeta functions of varieties via fibration},
  school = {{U}niversity of {O}xford},
  year = {2009}
}

@comment{jabref-meta: selector_publisher:}

@comment{jabref-meta: selector_author:}

@comment{jabref-meta: selector_journal:}

@comment{jabref-meta: selector_keywords:}

